@article{Chong,
    author = {H. F. Chong and D. W. K. Ng},
    title = {Development of IoT device for traffic management system},
    journal = {2016 IEEE Student Conference on Research and Development (SCOReD)},
    year = {2016},
    pages = {1--6},
    doi = {10.1109/SCORED.2016.7810059},
}

@article{Avetifipour,
    author = {O. Avatefipour and F. Sadry},
    title = {Traffic Management System Using IoT Technology - A Comparative Review},
    journal = {2018 IEEE International Conference on Electro/Information Technology (EIT)},
    year = {2018},
    pages = {1041--1047},
    doi = {10.1109/EIT.2018.8500246},
}

@article{Rizwan,
    author = {P. Rizwan, K. Suresh and M. R. Babu},
    title = {Real-time smart traffic management system for smart cities by using Internet of Things and big data},
    journal = {2016 International Conference on Emerging Technological Trends (ICETT)},
    year = {2016},
    pages = {1--7},
    doi = {10.1109/ICETT.2016.7873660},
}

@article{GOTTLICH,
author = {Simone GÃ¶ttlich and Michael Herty and Ute Ziegler},
title = {Modeling and optimizing traffic light settings in road networks},
journal = {Computers \& Operations Research},
volume = {55},
pages = {36-51},
year = {2015},
doi = {10.1016/j.cor.2014.10.001},
}

@article{Ghena,
author = {Ghena, Branden and Beyer, William and Hillaker, Allen and Pevarnek, Jonathan and Halderman, J. Alex},
title = {Green Lights Forever: Analyzing the Security of Traffic Infrastructure},
year = {2014},
publisher = {USENIX Association},
booktitle = {Proceedings of the 8th USENIX Conference on Offensive Technologies},
pages = {7},
doi = {10.5555/2671293.2671300}
}

@article{carsize,
    author = {Paul Wasielewski},
    title = {The Effect of Car Size on Headways in Freely Flowing Freeway Traffic},
    year = 2011,
    publisher = {Transportation Science},
    url = {https://doi.org/10.1287/trsc.15.4.364}
}

@Article{pathplanning,
AUTHOR = {Zhou, Kaijun and Yu, Lingli and Long, Ziwei and Mo, Siyao},
TITLE = {Local Path Planning of Driverless Car Navigation Based on Jump Point Search Method Under Urban Environment},
JOURNAL = {Future Internet},
VOLUME = {9},
YEAR = {2017},
NUMBER = {3},
ARTICLE-NUMBER = {51},
URL = {https://www.mdpi.com/1999-5903/9/3/51},
ISSN = {1999-5903},
DOI = {10.3390/fi9030051}
}